@article{leskovec2009community,
  title={},
  author={Leskovec, J. and Lang, K.J. and Dasgupta, A. and Mahoney, M.W.},
  journal={Internet Mathematics},
  volume={6},
  number={1},
  pages={29--123},
  year={2009},
  publisher={Taylor \& Francis}
}

@inproceedings{andersen2006local,
  title={},
  author={Andersen, R. and Chung, F. and Lang, K.},
  booktitle={47th Annual IEEE Symposium on Foundations of Computer Science, 2006. FOCS'06. },
  pages={475--486},
  year={2006},
  organization={IEEE}
}

@article{LLPP2013a,
   title={Community structures are robust in networks},
  author={Li, A., and Li, J., and Pan, Y. and Peng, P. },
  journal={We showed that community structures are robust in networks, and universal in real networks.},
  volume={},
  pages={},
  year={2013, preprint},
}

@article{LPL2013a,
   title={Community structures are definable in networks},
  author={Li, A., and Pan, Y., and Li, J. },
  journal={We showed that community structures are definable in networks.},
  volume={},
  pages={},
  year={2013, preprint},
}



@article{LP2012,
   title={The small community phenomenon in networks},
  author={Li, A. and Peng, P.},
  journal={Math. Struct. in Comp. Science},
  volume={22},
  pages={1--35},
  year={2012},
}

@article{Bar1999,
  title={Emergence of scaling in random networks},
  author={Barab{\'a}si, A.L. and Albert, R.},
  journal={Science},
  volume={286},
  number={5439},
  pages={509},
  year={1999},
  publisher={American Association for the Advancement of Science}
}

@article{Bar2009,
  title={Scale-Free Networks: A Decade and Beyong},
  author={Barab{\'a}si, A.L. },
  journal={Science},
  volume={325},
  number={},
  pages={412-413},
  year={2009},
  publisher={American Association for the Advancement of Science}
}

@article{Homo2001,
  title={Birds of a feather: Homophyly in social networks},
  author={McPherson, M. and Smith-Lovin, L. and Cook, J.M.},
  journal={Annual Review of Sociology},
  pages={415--444},
  year={2001},
  publisher={JSTOR}
}

@article{LP2011,
  title={Community structures in classic models of networks},
  author={Li, A. and Peng, P.},
  journal={Internet Mathematics},
  volume={7},
  number={2},
  pages={81--106},
  year={2011},
  publisher={Taylor \& Francis}
}

@article{CR2010,
  title={Community structure of the physical review citation network},
  author={Chen, P. and Redner, S.},
  journal={Journal of Informetrics},
  volume={4},
  number={3},
  pages={278--290},
  year={2010},
  publisher={Elsevier}
}

@article{CA2005,
  title={Finding local community structure in networks},
  author={Clauset, A.},
  journal={Physical Review E},
  volume={72},
  number={2},
  pages={026132},
  year={2005},
  publisher={APS}
}

@article{RCCLP2004,
  title={Defining and identifying communities in networks},
  author={Radicchi, F. and Castellano, C. and Cecconi, F. and Loreto, V. and Parisi, D.},
  journal={Proceedings of the National Academy of Sciences },
  volume={101},
  number={9},
  pages={2658},
  year={2004},
  publisher={National Acad Sciences}
}

@article{CNM2004,
  title={Finding community structure in very large networks},
  author={Clauset, A. and Newman, M.E.J. and Moore, C.},
  journal={Physical Review E},
  volume={70},
  number={6},
  pages={066111},
  year={2004},
  publisher={APS}
}

@article{NEW2004,
  title={Detecting community structure in networks},
  author={Newman, M.E.J.},
  journal={The European Physical Journal B-Condensed Matter and Complex Systems},
  volume={38},
  number={2},
  pages={321--330},
  year={2004},
  publisher={Springer}
}

@article{girvan2002community,
  title={Community structure in social and biological networks},
  author={Girvan, M. and Newman, M.E.J.},
  journal={Proceedings of the National Academy of Sciences},
  volume={99},
  number={12},
  pages={7821},
  year={2002},
  publisher={National Acad Sciences}
}

@article{W1998,
  title={Collective dynamics of small-world networks},
  author={Watts, D.J. and Strogatz, S.H.},
  journal={Nature},
  volume={393},
  number={6684},
  pages={440--442},
  year={1998},
  publisher={Nature Publishing Group}
}

@article{K2000,
  title={Navigation in a small world},
  author={J. Kleinberg},
  journal={Nature},
  volume={406},
  number={},
  pages={845},
  year={2000},
  publisher={Nature Publishing Group}
}

@article{M1967,
  title={The small world problem},
  author={Milgram, S.},
  journal={Psychology Today},
  volume={2},
  number={1},
  pages={60--67},
  year={1967},
  publisher={New York}
}

@article{leskovec2009community,
  title={Community structure in large networks: Natural cluster sizes and the absence of large well-defined clusters},
  author={Leskovec, J. and Lang, K.J. and Dasgupta, A. and Mahoney, M.W.},
  journal={Internet Mathematics},
  volume={6},
  number={1},
  pages={29--123},
  year={2009},
  publisher={Taylor \& Francis}
}

@inproceedings{andersen2006local,
  title={Local graph partitioning using pagerank vectors},
  author={Andersen, R. and Chung, F. and Lang, K.},
  booktitle={Foundations of Computer Science, 2006. FOCS'06. 47th Annual IEEE Symposium on},
  pages={475--486},
  year={2006},
  organization={IEEE}
}

@article{li2012small,
  title={The small-community phenomenon in networks},
  author={Li, A. and Peng, P.},
  journal={Math. Struct. in Comp. Science},
  volume={22},
  pages={1--35},
  year={2012},
}

@article{li2011community,
  title={Community Structures in Classical Network Models},
  author={Li, A. and Peng, P.},
  journal={Internet Mathematics},
  volume={7},
  number={2},
  pages={81--106},
  year={2011},
  publisher={Taylor \& Francis}
}

@article{li2011homophily,
  title={Homophily Law of Networks: Principles,Methods and Experiments},
  author={Li, A. and Li, J. and Pan, Y. and Peng, P.},
  journal={To Appear},
}

@article{li2012small,
  title={Small Community Phenomenon in Social Networks: Local Dimension},
  author={Li, A. and Li, J. and Peng, P.},
  journal={To Appear},
}

@article{chen2010community,
  title={Community structure of the physical review citation network},
  author={Chen, P. and Redner, S.},
  journal={Journal of Informetrics},
  volume={4},
  number={3},
  pages={278--290},
  year={2010},
  publisher={Elsevier}
}

@book{EK2010,
  title={Networks, Crowds, and Markets},
  author={Easley, D. and Kleinberg, J.},
  year={2010},
  publisher={Cambridge Univ Press}
}

@article{clauset2005finding,
  title={Finding local community structure in networks},
  author={Clauset, A.},
  journal={Physical Review E},
  volume={72},
  number={2},
  pages={026132},
  year={2005},
  publisher={APS}
}

@article{radicchi2004defining,
  title={Defining and identifying communities in networks},
  author={Radicchi, F. and Castellano, C. and Cecconi, F. and Loreto, V. and Parisi, D.},
  journal={Proceedings of the National Academy of Sciences of the United States of America},
  volume={101},
  number={9},
  pages={2658},
  year={2004},
  publisher={National Acad Sciences}
}

@article{clauset2004finding,
  title={Finding community structure in very large networks},
  author={Clauset, A. and Newman, M.E.J. and Moore, C.},
  journal={Physical Review E},
  volume={70},
  number={6},
  pages={066111},
  year={2004},
  publisher={APS}
}

@article{newman2004detecting,
  title={Detecting community structure in networks},
  author={Newman, M.E.J.},
  journal={The European Physical Journal B-Condensed Matter and Complex Systems},
  volume={38},
  number={2},
  pages={321--330},
  year={2004},
  publisher={Springer}
}


@book{caldarelli2007large,
  title={Large Scale Structure and Dynamics of Complex Networks: From Information Technology to Finance and Natural Science},
  author={Caldarelli, G. and Vespignani, A.},
  volume={2},
  year={2007},
  publisher={World Scientific Pub Co Inc}
}

@book{ER1960,
  title={On the evolution of random graphs},
  author={Erd{\H{o}}s, P. and R{\'e}nyi, A.},
  year={1960},
  publisher={Akad. Kiad{\'o}}
}

@article{watts1998collective,
  title={Collective dynamics of ‘small-world’networks},
  author={Watts, D.J. and Strogatz, S.H.},
  journal={Nature},
  volume={393},
  number={6684},
  pages={440--442},
  year={1998},
  publisher={Nature Publishing Group}
}

@article{RB2008,
  title={Maps of random walks on complex networks reveal community structure},
  author={Rosvall, M. and Bergstrom, C.T.},
  journal={Proceedings of the National Academy of Sciences},
  volume={105},
  number={4},
  pages={1118},
  year={2008},
  publisher={National Acad Sciences}
}

@article{milgram1967small,
  title={The small world problem},
  author={Milgram, S.},
  journal={Psychology Today},
  volume={2},
  number={1},
  pages={60--67},
  year={1967},
  publisher={New York}
}

@article{NG2004,
  title={},
  author={Newman, M. and Girvan, M.},
  journal={Physical Review E},
  volume={69},
  number={2},
  pages={026113},
  year={2004},
  publisher={American Physical Society}
}
@article{For2007,
  title={},
  author={Fortunato, S. and Barth{\'e}lemy, M.},
  journal={Proceedings of the National Academy of Sciences},
  volume={104},
  number={36},
  pages={},
  year={2007},
  publisher={Elsevier}
}

@article{SP2006,
  title={A new route to the evolution of cooperation},
  author={Santos, F. C. and Pacheco, J. M.},
  journal={European Society for Evolutionary Biology},
  volume={19},
  number={},
  pages={726-733},
  year={2006},
  publisher={}
}



@article{SPL2006,
  title={Dynamical organization of cooperation in complex topologies},
  author={G\'omez-Gardenes, J. and Campillo, M. and Flor\'ia, L. M. and Moreno, Y. },
  journal={Physical Review Letters},
  volume={98},
  number={108103},
  pages={},
  year={2007},
  publisher={The American Physical Society}
}



@article{For2010,
  title={Community detection in graphs},
  author={Fortunato, S.},
  journal={Physics Reports},
  volume={486},
  number={3-5},
  pages={75--174},
  year={2010},
  publisher={Elsevier}
}

